
@misc{latex,
	title={Introdução ao Latex},
	author={Reginaldo J. Santos},
	year={2002},
	howpublished = "\url{http://www.mat.ufmg.br/~regi/topicos/intlat.pdf}",
	note = "acesso em 01/10/2014"
}

@misc{latex2,
	title={Introdução ao Latex},
	year={2014},
	howpublished = "\url{http://latexbr.blogspot.com.br/}",
	note = "acesso em 03/10/2014"
}

@misc{python,
	title={NumPy for Matlab Users},
	howpublished = "\url{http://wiki.scipy.org/NumPy_for_Matlab_Users}",
	note = "acesso em 27/09/2014"
}

@misc{perceptron,
	title={Inteligência Computacional},
	author={Renato Dourado Maia},
	howpublished = "\url{http://renatomaia.net/ensino/facit/inteligencia-computacional/}",
	year={2014},
	note = "acesso em 25/09/2014"
}
@misc{redes,
	title={Redes Neurais Artificiais},
	author={Augusto Branquinho},
	howpublished = "\url{https://www.youtube.com/channel/UCJMPbiRi-w6aeH_VvqlrmXw}",
	year={2013},
	note = "acesso em 24/09/2014"
}
